<?xml version="1.0" encoding="UTF-8"?><collection xmlns="http://www.loc.gov/MARC21/slim"><record><leader>00377nam--2200121-i-4500</leader><controlfield tag="001">000001938</controlfield><controlfield tag="002">20161230</controlfield><controlfield tag="005">20161230201024</controlfield><controlfield tag="008">060222s1000------------r-----000-0-eng-d</controlfield><datafield ind1=" " ind2=" " tag="100"><subfield code="a">Doller, Edith</subfield></datafield><datafield ind1=" " ind2=" " tag="245"><subfield code="a">Der konzentrationsumschlag der fluoreszenz von pyren und pyrenderivaten.(teza de doctorat)</subfield></datafield><datafield ind1=" " ind2=" " tag="260"><subfield code="a">Stuttgart, Technische Hochschule, 1961. 53 P.+ 40 Fig</subfield></datafield><datafield ind1=" " ind2=" " tag="852"><subfield code="a">3147</subfield></datafield></record></collection>